<?xml version="1.0" encoding="UTF-8"?><collection xmlns="http://www.loc.gov/MARC21/slim"><record><leader>00470nam--2200169-i-4500</leader><controlfield tag="001">000025097</controlfield><controlfield tag="002">20161230</controlfield><controlfield tag="005">20161230201035</controlfield><controlfield tag="008">060222s1000------------r-----000-0-eng-d</controlfield><datafield ind1=" " ind2=" " tag="040"><subfield code="a">IFIN-HH</subfield></datafield><datafield ind1=" " ind2=" " tag="080"><subfield code="a">538.1:532</subfield></datafield><datafield ind1="1" ind2=" " tag="100"><subfield code="a">Bershader, Daniel</subfield></datafield><datafield ind1="1" ind2="0" tag="245"><subfield code="a">The magnetodynamics of conducting fluids</subfield><subfield code="c">Daniel bershader (ed.)</subfield></datafield><datafield ind1=" " ind2=" " tag="260"><subfield code="a">Sanford-california</subfield><subfield code="b">Stanford University Press</subfield><subfield code="c">1959</subfield></datafield><datafield ind1=" " ind2=" " tag="300"><subfield code="a">145P</subfield></datafield><datafield ind1=" " ind2=" " tag="852"><subfield code="a">15993</subfield><subfield code="c">538.4</subfield></datafield><datafield ind1=" " ind2=" " tag="CAT"><subfield code="a">Sys</subfield><subfield code="c">20110919</subfield><subfield code="h">152717</subfield></datafield></record></collection>